% This file was created with JabRef 2.4.2.
% Encoding: UTF8

@book{Rohrer2011,
	address = {Solingen},
	edition = {5.},
	title = {Clevere Tipps für die Projektarbeit - {IT-Berufe:} Abschlussprüfung Teil A},
	isbn = {3882347538},
	url = {http://fiae.link/ClevereTippsFuerDieProjektarbeit},
	publisher = {{U-Form-Verlag}},
	author = {Rohrer, Anselm and Sedlacek, Ramona},
	year = {2011}
}

@misc{Bundesgesetzblatt48,
	title = {Verordnung über die Berufsausbildung im Bereich der Informations- und Telekommunikationstechnik},
	url = {http://fiae.link/VerordnungITBerufe},
	author = {{Regierung der Bundesrepublik Deutschland}},
	month = jul,
	year = {1997},
	pages = {1741--1799}
}

@techreport{BMBF2000,
	address = {Bonn},
	type = {Abschlussbericht},
	title = {Umsetzungshilfen für die neue Prüfungsstruktur der {IT-Berufe}},
	shorttitle = {{BMBF2000}},
	url = {http://fiae.link/UmsetzungshilfenITBerufe},
	author = {{Bundesministerium für Bildung und Forschung}},
	institution = {{Bundesministerium für Bildung und Forschung}},
	month = jul,
	year = {2000},
	pages = {476}
}

@techreport{Grashorn2010,
	address = {Vechta},
	type = {Dokumentation zur Projektarbeit},
	title = {Entwicklung von NatInfo -- Webbasiertes Tool zur Unterstützung der Entwickler},
	author = {Dirk Grashorn},
	institution = {{Alte Oldenburger Krankenversicherung AG}},
	month = apr,
	year = {2010},
}

@misc{MerkblattIHK,
	address = {Oldenburg},
	title = {Merkblatt zur Abschlussprüfung der IT-Berufe},
	author = {{IHK Oldenburg}},
	institution = {{Oldenburgische Industrie- und Handelskammer}},
	month = may,
	year = {2006},
	url = {http://fiae.link/MerkblattDokuOldenburg},
}

@misc{BewertungsmatrikIHK,
	address = {Darmstadt},
	title = {Bewertungsmatrix für Fachinformatiker/innen Anwendungsentwicklung},
	author = {{IHK Darmstadt}},
	institution = {{IHK Darmstadt Rhein Main Neckar}},
	month = mar,
	year = {2011},
	url = {http://fiae.link/BewertungsmatrixDokuDarmstadt},
}

@misc{ISO9126,
	title = {{Software-Engineering} – Qualität von {Software-Produkten} – Teil 1: Qualitätsmodell},
	author = {{ISO/IEC 9126-1}},
	month = jun,
	year = {2001}
}

@BOOKLET{phpDoc,
  title = {{phpDocumentor-Website}},
  author = {{phpdoc.org}},
  lastchecked = {20.04.2010},
  year = {2010},
  owner = {grashorn},
  timestamp = {2010.04.22},
  url = {http://www.phpdoc.org/}
}

@BOOKLET{Symfony,
  title = {Symfony - Open-Source PHP Web Framework},
  author = {{Sensio Labs}},
  lastchecked = {20.04.2010},
  year = {2010},
  owner = {grashorn},
  timestamp = {2010.04.22},
  url = {http://www.symfony-project.org/}
}

@book{Sutherland2014,
  title = {Scrum: The Art of Doing Twice the Work in Half the Time},
  author = {Jeff Sutherland},
  year = {2014},
  publisher = {Crown Business},
  isbn = {978-0385346450}
}

@book{Cohn2005,
  title = {Agile Estimating and Planning},
  author = {Mike Cohn},
  year = {2005},
  publisher = {Prentice Hall},
  isbn = {978-0131479418}
}

@book{Schrey2011,
  title = {Projektmanagement: Der Weg zum erfolgreichen Projekt},
  author = {Hans-Joachim Schrey},
  year = {2011},
  publisher = {Springer Vieweg},
  isbn = {978-3834800286}
}

@book{Kleinschmidt2012,
  title = {Der Projektmanager: Handbuch für die Praxis},
  author = {Gabriele Kleinschmidt},
  year = {2012},
  publisher = {Springer},
  isbn = {978-3642284160}
}

@book{Pressman2014,
  title = {Software Engineering: A Practitioner's Approach},
  author = {Roger S. Pressman},
  year = {2014},
  publisher = {McGraw-Hill},
  isbn = {978-0073375977}
}

@book{Martin2008,
  title = {Clean Code: A Handbook of Agile Software Craftsmanship},
  author = {Robert C. Martin},
  year = {2008},
  publisher = {Prentice Hall},
  isbn = {978-0136083238}
}

@online{awsEDA,
    author    = {{Amazon Web Services}},
    title     = {Event-Driven Architecture},
    year      = {2024},
    url       = {https://aws.amazon.com/de/event-driven-architecture/},
    note      = {Last Time Accessed: 2024-10-30}
}

@online{HubSpot,
    author = {{Hub Spot}},
    title = {The Ultimate Guide to Email Design},
    year = {2024},
    url = {https://blog.hubspot.com/marketing/email-design},
    note      = {Last Time Accessed: 2024-10-30}
}

@manual{aws2023sns,
    author = {{Amazon Web Services}},
    title  = {Amazon Simple Notification Service Documentation},
    year   = {2024},
    note      = {Last Time Accessed: 2024-10-30},
    url    = {https://docs.aws.amazon.com/sns/index.html}
}

@manual{aws2023ses,
    author = {{Amazon Web Services}},
    title  = {Amazon Simple Email Service Documentation},
    year   = {2024},
    note      = {Last Time Accessed: 2024-10-30},
    url    = {https://docs.aws.amazon.com/ses/index.html}
}

@manual{aws2023sqs,
    author = {{Amazon Web Services}},
    title  = {Amazon Simple Queue Service Documentation},
    year   = {2024},
    note      = {Last Time Accessed: 2024-10-30},
    url    = {https://docs.aws.amazon.com/sqs/index.html}
}

@online{Iac,
    author    = {{Spacelift}},
    title     = {Infrastructure as Code},
    year      = {2024},
    url       = {https://spacelift.io/blog/terraform-infrastructure-as-code},
    note      = {Last Time Accessed: 2024-10-30}
}

@online{Go,
    author    = {{The IT Solutions}},
    title     = {How Golang is Perfect for Cloud Native Applications},
    year      = {2024},
    url       = {https://www.theitsolutions.io/blog/go-for-cloud-native-applications},
    note      = {Last Time Accessed: 2024-10-30}
}

@online{Quality,
    author    = {{TU Wien}},
    title     = {Methoden der Qualitätssicherung},
    year      = {2007},
    url       = {https://qse.ifs.tuwien.ac.at/wp-content/uploads/2007_UBIT_4a.pdf},
    note      = {Last Time Accessed: 2024-11-02}
}


@online{agile,
    author    = {{Agile Alliance}},
    title     = {Agile 101},
    year      = {2024},
    url       = {https://www.agilealliance.org/agile101/},
    note      = {Last Time Accessed: 2024-11-02}
}

